@mastersthesis{jpthesis,
    author = {Jean-Pacifique Mbonyincungu},
    title = {A new syntax for Oz},
    institution = {École Polytechnique de Louvain, UCLouvain},
    year = {2020. Prom. Peter Van Roy},
    url = {https://dial.uclouvain.be/memoire/ucl/object/thesis:25311},
}
% Mbonyincungu, Jean-Pacifique. A new syntax for Oz. Ecole polytechnique de Louvain, Université catholique
% de Louvain, 2020. Prom. : Van Roy, Peter ; Mens, Kim ; Laurent, Nicolas. http://hdl.handle.net/2078.1/
% thesis:25311
@masterthesis{Ozma,
    author = {Sébastien Doeraene},
    title = {Ozma: Extending Scala with Oz Concurrency},
    institution = {École Polytechnique de Louvain, UCLouvain},
    year = {2003???. Prom. Peter Van Roy},
    url = {???},
}

@InProceedings{IJCAI93,
    author  = {Martin Henz and Gert Smolka and J\"org W\"urtz},
    title   = "{Oz}---A Programming Language for Multi-Agent Systems",
    booktitle =     "13th International Joint Conference on
                 Artificial Intelligence",
    editor  = "Ruzena Bajcsy",
    publisher = "Morgan Kaufmann Publishers",
    volume  = 1,
    pages   = "404--409",
    address = "Chamb\'ery, France",
    year = 1993,
    month = "30 August--3 September",
}

@misc{NozcGitHub,
    author = {Martin Vandenbussche},
    title = {Nozc},
    year = {2021},
    publisher = {GitHub},
    journal = {GitHub repository},
    howpublished = {\url{https://github.com/MaVdbussche/nozc}},
    commit = {4f57d6a0e4c030202a07a60bc1bb1ed1544bf679}
}