%! Author = Martin Vandenbussche
%! Date = 14/02/2021


